<record><leader>00000cas a22000007a 4500</leader><controlfield tag="001">17853160</controlfield><controlfield tag="008">880426d1uuu19uumsuwr ne      0    0eng d</controlfield><datafield ind1=" " ind2=" " tag="010"><subfield code="a">sn 88067141 </subfield></datafield><datafield ind1=" " ind2=" " tag="040"><subfield code="a">MSJ</subfield><subfield code="b">eng</subfield><subfield code="c">MSJ</subfield><subfield code="d">OCLCQ</subfield></datafield><datafield ind1=" " ind2=" " tag="042"><subfield code="a">msc</subfield></datafield><datafield ind1="0" ind2="4" tag="245"><subfield code="a">The Watchman-journal.</subfield></datafield><datafield ind1=" " ind2=" " tag="260"><subfield code="a">Williamsburg, Miss. :</subfield><subfield code="b">James M. Walker</subfield></datafield><datafield ind1=" " ind2=" " tag="300"><subfield code="a">v.</subfield></datafield><datafield ind1=" " ind2=" " tag="310"><subfield code="a">Weekly</subfield></datafield><datafield ind1=" " ind2=" " tag="588"><subfield code="a">Description based on: Vol. 4, no. 31 (Apr. 19, 1901).</subfield></datafield><datafield ind1=" " ind2=" " tag="752"><subfield code="a">United States</subfield><subfield code="b">Mississippi</subfield><subfield code="c">Covington</subfield><subfield code="d">Williamsburg.</subfield></datafield><datafield ind1="0" ind2="0" tag="780"><subfield code="t">Watchman (Williamsburg, Miss.)</subfield><subfield code="w">(OCoLC)17852966</subfield></datafield></record>